%% This BibTeX bibliography file was created using BibDesk.
%% http://bibdesk.sourceforge.net/


%% Created for Avi at 2016-04-24 18:49:31 -0400 


%% Saved with string encoding Unicode (UTF-8) 



@article{DetectionPaper,
	Author = {Abbott, BP and Abbott, R and Abbott, TD and Abernathy, MR and Acernese, F and Ackley, K and Adams, C and Adams, T and Addesso, P and Adhikari, RX and others},
	Date-Added = {2016-04-23 19:23:46 +0000},
	Date-Modified = {2016-04-23 19:25:22 +0000},
	Doi = {10.1103/PhysRevLett.116.061102},
	Journal = {Physical Review Letters},
	Number = {6},
	Title = {Observation of Gravitational Waves from a Binary Black Hole Merger},
	Volume = {116},
	Year = {2016},
	Bdsk-Url-1 = {http://dx.doi.org/10.1103/PhysRevLett.116.061102}}
