%% This BibTeX bibliography file was created using BibDesk.
%% http://bibdesk.sourceforge.net/


%% Created for Avi at 2016-04-23 15:12:14 -0400 


%% Saved with string encoding Unicode (UTF-8) 



@article{Virus,
	Author = {Nathwani, Amit C and Tuddenham, Edward GD and Rangarajan, Savita and Rosales, Cecilia and McIntosh, Jenny and Linch, David C and Chowdary, Pratima and Riddell, Anne and Pie, Arnulfo Jaquilmac and Harrington, Chris and others},
	Date-Added = {2016-04-23 18:56:04 +0000},
	Date-Modified = {2016-04-23 18:56:53 +0000},
	Journal = {New England Journal of Medicine},
	Number = {25},
	Pages = {2357--2365},
	Publisher = {Mass Medical Soc},
	Title = {Adenovirus-associated virus vector--mediated gene transfer in hemophilia B},
	Volume = {365},
	Year = {2011}}
